@inproceedings{Mesaoudi-PaulWB20,
	author       = {Adil El Mesaoudi{-}Paul and
		Dimitri Wei{\ss} and
		Viktor Bengs and
		Eyke H{\"{u}}llermeier and
		Kevin Tierney},
	title        = {Pool-Based Realtime Algorithm Configuration: A Preselection Bandit
		Approach},
	series       = {Lecture Notes in Computer Science},
	volume       = {12096},
	pages        = {216--232},
	publisher    = {Springer},
	year         = {2020}
}